% G

@article{gelman1992inference,
  author       = {Andrew Gelman and Donald B. Rubin},
  title        = {Inference from Iterative Simulation Using Multiple Sequences},
  volume       = {7},
  journal      = {Statistical Science},
  number       = {4},
  publisher    = {Institute of Mathematical Statistics},
  pages        = {457 -- 472},
  year         = {1992},
}


% J

@unpublished{janke2012montecarlo,
  author       = {Janke, Wolfhard},
  title        = {Monte Carlo Simulations in Statistical Physics},
  note         = {Lecture notes, University of Leipzig},
  year         = {2012},
}


$ K

@book{klenke2007probability,
  title        = {Probability Theory: A Comprehensive Course},
  author       = {Klenke, A.},
  series       = {Universitext},
  year         = {2007},
  publisher    = {Springer London}
}


% L

@misc{schachinger2007mcmc,
  author       = {Wolfgang von der Linden and Ewald Schachinger},
  title        = {Chapter 7: Markov Chain Monte Carlo},
  howpublished = {\url{https://itp.tugraz.at/LV/wvl/Comp_Simulationen/}},
  note         = {Part of the lecture notes \emph{Computer Simulationen}, Graz University of Technology},
  year         = {2007},
  institution  = {Institute for Theoretical Physics, TU Graz}
}


% M

@book{mcelreath2016statistical,
  title        = {Statistical Rethinking: A Bayesian Course with Examples in R and Stan},
  author       = {McElreath, R.},
  series       = {A Chapman \& Hall book},
  year         = {2016},
  publisher    = {CRC Press/Taylor \& Francis Group}
}

@article{matsumoto1998mersenne,
  author       = {Matsumoto, Makoto and Nishimura, Takuji},
  title        = {Mersenne twister: a 623-dimensionally equidistributed uniform pseudo-random number generator},
  year         = {1998},
  publisher    = {Association for Computing Machinery},
  address      = {New York, NY, USA},
  volume       = {8},
  number       = {1},
  journal      = {ACM Trans. Model. Comput. Simul.},
  pages        = {3â€“30},
  numpages     = {28}
}

@article{metropolis1953equation,
  title        = {Equation of State Calculations by Fast Computing Machines},
  author       = {Metropolis, Nicholas and Rosenbluth, Arianna W. and Rosenbluth, Marshall N. and Teller, Augusta H. and Teller, Edward},
  journal      = {The Journal of Chemical Physics},
  volume       = {21},
  number       = {6},
  pages        = {1087--1092},
  year         = {1953},
  publisher    = {AIP Publishing},
}


% P

@book{phillies2000elementary,
  title        = {Elementary Lectures in Statistical Mechanics},
  author       = {Phillies, G. D. J.},
  series       = {Graduate Texts in Contemporary Physics},
  year         = {2000},
  publisher    = {Springer New York}
}


% R

@article{roberts1994simple,
  title        = {Simple conditions for the convergence of the Gibbs sampler and Metropolis-Hastings algorithms},
  journal      = {Stochastic Processes and their Applications},
  volume       = {49},
  number       = {2},
  pages        = {207-216},
  year         = {1994},
  author       = {G. O. Roberts and A. F. M. Smith},
}


% V

@article{vivekanada2020convergence,
  author       = {Roy, Vivekananda},
  title        = {Convergence Diagnostics for Markov Chain Monte Carlo}, 
  journal      = {Annual Review of Statistics and Its Application},
  year         = {2020},
  volume       = {7},
  number       = {Volume 7, 2020},
  pages        = {387-412},
  publisher    = {Annual Reviews},
  type         = {Journal Article},
}

